@inproceedings{Steinmacher2013,
author={I. Steinmacher, A. Chaves, and M. Gerosa},
booktitle={Computer Supported Cooperative Work},
title={Awareness Support in Distributed Software Development: A Systematic Review and Mapping of the Literature},
year={2013},
volume={22},
pages={113-158},}

@inproceedings{Houben2013,
 author = {S. Houben, S. Nielsen, M. Esbensen, and J. E. Bardram},
 title = {NooSphere: An Activity-centric Infrastructure for Distributed Interaction},
 booktitle = {Proceedings of the 12th International Conference on Mobile and Ubiquitous Multimedia},
 series = {UbiComp '13},
 year = {2013},
 location = {New York, NY, USA},
 pages = {13:1–13:10},
}

@inproceedings{Dittrich2009,
 author = {Y. Dittrich, D. Randall, and J. Singer},
 title = {Software Engineering as Cooperative Work},
 booktitle = {Computer Supported Cooperative Work},
 year={2009},
 volume={18},
 pages={393–399},
}

@inproceedings{Schmidt1994,
 author = {K. Schmidt},
 title = {Cooperative work and its articulation: requirements for computer support},
 booktitle = {Le Travail Humain},
 year={1994},
 pages={345–366},
}

@book{Herbsleb2007,
  author    = "J. Herbsleb",
  title     = "Global software engineering: The future of socio- technical coordination. 2007 Future of Software Engineering",
  year      = "2007",
}

@inproceedings{Ramos2011,
 author = {J. D. Hincapié-Ramos, S. Voida, and G. Mark},
 title = {A Design Space Analysis of Availability-sharing Systems},
 booktitle = {Proceedings of the 24th Annual ACM Symposium on User Interface Software and Technology},
 series = {ACM Symposium on User Interface Software and Technology '24},
 year = {2011},
}
