@INPROCEEDINGS{doung2005,
author={Duong, T.V. and Bui, H.H. and Phung, D.Q. and Venkatesh, S.},
booktitle={Computer Vision and Pattern Recognition, 2005. CVPR 2005. IEEE Computer Society Conference on},
title={Activity recognition and abnormality detection with the switching hidden semi-Markov model},
year={2005},
month={June},
volume={1},
pages={838-845 vol. 1},
keywords={hidden Markov models;human factors;image motion analysis;image recognition;ubiquitous computing;S-HSMM;abnormality detection;activity recognition;discrete Coxian distribution;discrete Coxian duration model;explicit duration model;hidden Markov models;high-level activity sequences;human daily living activities;human factors;image motion analysis;image recognition;multinomial distribution;switching hidden semi-Markov model;Aging;Artificial intelligence;Atomic layer deposition;Buildings;Computational modeling;Hidden Markov models;Humans;Learning;Pervasive computing;Training data},
doi={10.1109/CVPR.2005.61},
ISSN={1063-6919},}

@book{han2011,
  author    = "Jiawei Han and Micheline Kamber",
  title     = "Data Mining: Concepts and Techniques",
  publisher = "Morgan Kaufmann;",
  year      = "2011",
  edition   = "3rd edition",
  isbn      = "0123814790"
}

@article{Kwapisz2011,
 author = {Kwapisz, Jennifer R. and Weiss, Gary M. and Moore, Samuel A.},
 title = {Activity Recognition Using Cell Phone Accelerometers},
 journal = {SIGKDD Explor. Newsl.},
 issue_date = {December 2010},
 volume = {12},
 number = {2},
 month = mar,
 year = {2011},
 issn = {1931-0145},
 pages = {74--82},
 numpages = {9},
 url = {http://doi.acm.org/10.1145/1964897.1964918},
 doi = {10.1145/1964897.1964918},
 acmid = {1964918},
 publisher = {ACM},
 address = {New York, NY, USA},
 keywords = {accelerometer, activity recognition, cell phone, induction, sensor mining, sensors},
}

@inproceedings{Lockhart2012,
 author = {Lockhart, Jeffrey W. and Pulickal, Tony and Weiss, Gary M.},
 title = {Applications of Mobile Activity Recognition},
 booktitle = {Proceedings of the 2012 ACM Conference on Ubiquitous Computing},
 series = {UbiComp '12},
 year = {2012},
 isbn = {978-1-4503-1224-0},
 location = {Pittsburgh, Pennsylvania},
 pages = {1054--1058},
 numpages = {5},
 url = {http://doi.acm.org/10.1145/2370216.2370441},
 doi = {10.1145/2370216.2370441},
 acmid = {2370441},
 publisher = {ACM},
 address = {New York, NY, USA},
 keywords = {activity recognition, applications, context-aware, mobile computing, ubiquitous computing},
}

@online(rxjava,
  title = {RxJava - a library for composing asynchronous and event-based programs using observable sequences for the Java VM.},
  howpublished = {\url{https://github.com/Netflix/RxJava}}
)

@online(opencsv,
  title = {opencsv is a very simple csv (comma-separated values) parser library for Java.},
  howpublished = {\url{http://opencsv.sourceforge.net/}}
)